@ARTICLE {haman,
    author  = "Luniewska M. Haman E. Armon-Lotem, S.",
    title   = "Ratings of age of acquisition of 299 words across 25 languages: Is there a cross-linguistic order of words?",
    journal = "Behavior Research Methods",
    year    = "2016",
    volume  = "48",
    number  = "3",
    pages   = "1154-1177",
    month   = "sep"
}

@ARTICLE {schady,
    author  = "N. Schady",
    title   = "Parents Education, Mothers Vocabulary, and Cognitive Development in Early Childhood: Longitudinal Evidence From Ecuador",
    journal = "American Journal of Public Health",
    year    = "2011",
    volume  = "101",
    number  = "12",
    pages   = "2299-2307",
    month   = "dec",
    note    = "10.2105/AJPH.2011.300253"
}
